@article{amisano2013,
  author  = {Gianni Amisano and Gabriel Fagan},
  title   = {Money growth and inflation: A regime switching approach},
  journal = {Journal of International Money and Finance},
  volume  = {33},
  year    = {2013},
  pages   = {118-145}
}

@article{anderson2017,
  author  = {Richard G. Anderson and Michael Bordo and John V. Duca},
  title   = {Money and velocity during financial crises: From the great depression to the great recession},
  journal = {Journal of Economic Dynamics and Control},
  volume  = {81},
  year    = {2017},
  pages   = {32-49}
}

@article{ben_gad2023,
  author  = {Michael Ben-Gad},
  title   = {Book review: The fiscal theory of the price level},
  journal = {Economic Affairs},
  volume  = {43},
  year    = {2023},
  pages   = {305-307}
}

@online{boj2013,
  author  = {{BoJ}},
  title   = {Joint Statement of the Government and the Bank of Japan on Overcoming Deflation and Achieving Sustainable Economic Growth},
  year    = {2013},
  url     = {https://www.boj.or.jp/en/mopo/mpmdeci/mpr_2013/k130122c.pdf},
  urldate = {2024-09-10}
}

@online{boj2024a,
  author  = {{BoJ}},
  title   = {Outline of Monetary Policy},
  year    = {2024},
  url     = {https://www.boj.or.jp/en/mopo/outline/index.htm},
  urldate = {2024-09-10}
}

@online{boj2024b,
  author  = {{BoJ}},
  title   = {Guide to Japan’s Money Stock Statistics},
  year    = {2024},
  url     = {https://www.boj.or.jp/en/statistics/outline/exp/data/exms01.pdf},
  urldate = {2024-09-10}
}

@article{bordo2021,
  author  = {Michael Bordo and Mickey D. Levy},
  title   = {Do enlarged fiscal deficits cause inflation? The historical record},
  journal = {Economic Affairs},
  volume  = {41},
  number  = {1},
  year    = {2021},
  pages   = {59-83}
}

@article{borio2023,
  author  = {Claudio Borio and Boris Hofmann and Egon Zakrajšek},
  title   = {Does money growth help explain the recent inflation surge?},
  journal = {BIS Bulletin},
  number  = {67},
  year    = {2023}
}

@article{clarida1999,
  author  = {Richard Clarida and Jordi Galí and Mark Gertler},
  title   = {The Science of Monetary Policy: A New Keynesian Perspective},
  journal = {Journal of Economic Literature},
  volume  = {XXXVII},
  year    = {1999},
  pages   = {1661-1707}
}

@misc{castaneda2020,
  author       = {Juan E. Castañeda and Tim Congdon},
  title        = {Inflation: The Next Threat?},
  howpublished = {Institute of Economic Affairs, Briefing 7},
  year         = {2020}
}

@misc{castaneda2021,
  author       = {Juan E. Castañeda},
  title        = {Modern Monetary Theory: Why it can’t provide sustained economic growth and low inflation},
  howpublished = {IEA Current Controversies No. 77},
  year         = {2021}
}

@article{castaneda2023,
  author  = {Juan E. Castañeda and José Luis Cendejas},
  title   = {Money Growth, Money Velocity and Inflation in the US, 1948-2021},
  journal = {Open Economies Review},
  year    = {2023},
  doi     = {10.1007/s11079-023-09739-0}
}

@online{castaneda_letter2023,
  author  = {Juan E. Castañeda and Tim Congdon and John Greenwood and Julian Jessop and Andrew Lilico and Kent Matthews and Patrick Minford and Trevor Williams},
  title   = {Letter: Lurches in money supply are proven British menace},
  year    = {2023},
  note    = {Financial Times, 8 de noviembre},
  url     = {https://www.ft.com/content/db6f5c8d-4ad4-4b20-9632-86680e02188e},
  urldate = {2024-09-09}
}

@book{cochrane2023,
  author    = {John H. Cochrane},
  title     = {The Fiscal Theory of the Price Level},
  year      = {2023},
  publisher = {Princeton University Press},
  address   = {Princeton}
}

@article{congdon2020,
  author  = {Tim Congdon},
  title   = {Will the Current Money Growth Acceleration Increase Inflation? An Analysis of the US Situation},
  journal = {World Economics},
  volume  = {21},
  number  = {21},
  year    = {2020}
}

@article{congdon2021,
  author  = {Tim Congdon},
  title   = {Can central banks run out of ammunition? The role of the money-equities-interaction channel in monetary policy},
  journal = {Economic Affairs},
  volume  = {41},
  year    = {2021},
  pages   = {21-37}
}

@book{congdon2024,
  author    = {Tim Congdon},
  publisher = {The Institute of Economic Affairs},
  title     = {The Quantity Theory of Money: A New Restatement},
  year      = {2024},
  address   = {London}
}

@article{dickey1979,
  author  = {David A. Dickey and Wayne A. Fuller},
  title   = {Distribution of the Estimators for Autoregressive Time Series With a Unit Root},
  journal = {Journal of the American Statistical Association},
  volume  = {74},
  number  = {366},
  year    = {1979},
  pages   = {427-431}
}

@online{ecb2021,
  author  = {{ECB}},
  title   = {The ECB’s monetary policy strategy statement},
  year    = {2021},
  url     = {https://www.ecb.europa.eu/home/search/review/html/ecb.strategyreview_monpol_strategy_statement.en.html},
  urldate = {2024-09-10}
}

@incollection{friedman1956,
  author    = {Milton Friedman},
  title     = {The Quantity Theory of Money: A Restatement},
  booktitle = {Studies in the Quantity Theory of Money},
  pages     = {3-21},
  year      = {1956},
  publisher = {University of Chicago Press},
  address   = {Chicago}
}

@misc{friedman1970,
  author       = {Milton Friedman},
  title        = {Counter-Revolution in Monetary Theory},
  howpublished = {Wincott Memorial Lecture, Institute of Economic Affairs, Occasional paper 33},
  year         = {1970}
}

@online{github2024,
  author  = {{GitHub}},
  title   = {money-growth repository},
  year    = {2024},
  url     = {https://github.com/MiguelPuntoEs/money-growth},
  urldate = {2024-09-10}
}

@article{greenwood2021,
  author  = {John Greenwood and Steve H. Hanke},
  title   = {On Monetary Growth and Inflation in Leading Economies, 2021-2022: Relative Prices and the Overall Price Level},
  journal = {Journal of Applied Corporate Finance},
  volume  = {33},
  number  = {4},
  year    = {2021},
  pages   = {39-51}
}

@article{hamilton1989,
  author  = {James D. Hamilton},
  title   = {A new approach to the economic analysis of nonstationary time series and the business cycle},
  journal = {Econometrica},
  volume  = {57},
  number  = {2},
  year    = {1989},
  pages   = {357-384}
}

@book{kelton2020,
  author    = {Stephanie Kelton},
  title     = {The Deficit Myth: Modern Money Theory and the Birth of the People’s Economy},
  year      = {2020},
  publisher = {Public Affairs},
  address   = {New York}
}

@book{kim1999,
  author    = {Chang-Jin Kim and Charles R. Nelson},
  title     = {State-Space Models with Regime Switching},
  year      = {1999},
  publisher = {The MIT Press},
  address   = {Cambridge}
}

@online{lemos2023,
  author  = {Samuel de Lemos Peixoto and Giacomo Loi},
  title   = {El marco de la Unión para las políticas presupuestarias},
  year    = {2023},
  url     = {https://www.europarl.europa.eu/factsheets/es/sheet/89/el-marco-de-la-union-para-las-politicas-presupuestarias},
  urldate = {2024-09-10}
}

@book{mitchell2019,
  author    = {William Mitchell and L. Randall Wray and Martin Watts},
  title     = {Macroeconomics},
  year      = {2019},
  publisher = {Red Globe Press},
  address   = {London}
}

@book{mosler2010,
  author    = {Warren Mosler},
  title     = {Los siete fraudes inocentes capitales de la política económica},
  year      = {2010},
  publisher = {El Petit Editor},
  address   = {Valencia}
}

@online{mosler2020,
  author  = {Warren Mosler},
  title   = {White paper: Modern Monetary Theory},
  year    = {2020},
  url     = {https://moslereconomics.com/mmt-white-paper/},
  urldate = {2024-09-10}
}

@online{nber2023,
  author  = {{NBER}},
  title   = {US Business Cycle Expansions and Contractions},
  year    = {2023},
  url     = {https://www.nber.org/research/data/us-business-cycle-expansions-and-contractions},
  urldate = {2024-09-10}
}

@online{powell2021a,
  author = {Jerome Powell},
  title  = {Hearing before the Committee on Banking, Housing, and Urban Affairs. Semiannual Monetary Policy Report to the Congress. United States Senate},
  year   = {2021},
  url    = {https://www.govinfo.gov/content/pkg/CHRG-117shrg44741/pdf/CHRG-117shrg44741.pdf}
}

@misc{powell2021b,
  author       = {Jerome Powell},
  howpublished = {House Financial Services Committee},
  year         = {2021}
}

@book{rallo2015,
  author    = {Rallo Julián, Juan Ramón},
  title     = {Contra la Modern Monetary Theory},
  year      = {2015},
  publisher = {Unión Editorial},
  address   = {Madrid}
}

@article{reynard2023,
  author  = {Samuel Reynard},
  title   = {Central bank balance sheet, money and inflation},
  journal = {Economic Letters},
  volume  = {224},
  year    = {2023}
}

@article{sargent1981,
  author  = {Thomas J. Sargent and Neil Wallace},
  title   = {Some Unpleasant Monetarist Arithmetic},
  journal = {Federal Reserve Bank of Minneapolis Quarterly Review},
  volume  = {5},
  number  = {3},
  year    = {1981},
  pages   = {1-17}
}

@misc{smith2010,
  author       = {David B. Smith},
  title        = {Money Still Matters: The Implications of M4X for Quantitative Easing},
  howpublished = {IEA Discussion Paper No. 26. Institute of Economic Affairs},
  year         = {2010}
}

@online{snb2024a,
  author  = {{SNB}},
  title   = {The SNB’s monetary policy strategy},
  year    = {2024},
  url     = {https://www.snb.ch/en/the-snb/mandates-goals/monetary-policy/strategy},
  urldate = {2024-09-10}
}

@online{snb2024b,
  author = {{SNB}},
  title  = {Guidelines of the Swiss National Bank on monetary policy instruments},
  year   = {2024},
  url    = {https://www.snb.ch/dam/jcr:bd390819-aec9-423a-84ee-cd1ad042e4a7/snb_legal_geldpol_instr.en.pdf}
}

@online{statsmodels2024a,
  author  = {{statsmodels}},
  title   = {Markov switching dynamic regression models},
  year    = {2024},
  url     = {https://www.statsmodels.org/devel/examples/notebooks/generated/markov_regression.html},
  urldate = {2024-09-10}
}

@online{statsmodels2024b,
  author  = {{statsmodels}},
  title   = {statsmodels.tsa.regime\_switching.markov\_autoregression},
  year    = {2024},
  url     = {https://www.statsmodels.org/dev/generated/statsmodels.tsa.regime_switching.markov_autoregression.MarkovAutoregression.html},
  urldate = {2024-09-10}
}

@online{statsmodels2024c,
  author  = {{statsmodels}},
  title   = {statsmodels.tsa.regime\_switching.markov\_regression},
  year    = {2024},
  url     = {https://www.statsmodels.org/dev/generated/statsmodels.tsa.regime_switching.markov_regression.MarkovRegression.html},
  urldate = {2024-09-10}
}

@online{oecd,
  author  = {{OECD}},
  title   = {OECD Data Explorer},
  year    = {2024},
  url     = {https://data-explorer.oecd.org/vis?tm=m3%20japan&pg=0&snb=15&vw=ov&df[ds]=dsDisseminateFinalDMZ&df[id]=DSD_STES%40DF_MONAGG&df[ag]=OECD.SDD.STES&df[vs]=4.0&dq=USA.M..XDC..Y...&pd=%2C&to[TIME_PERIOD]=false&ly[cl]=TIME_PERIOD&ly[rs]=MEASURE%2CCOMBINED_UNIT_MEASURE},
  urldate = {2024-09-19}
}

@online{boe,
  author  = {{Bank of England}},
  title   = {Monetary policy},
  year    = {2024},
  url     = {https://www.bankofengland.co.uk/monetary-policy#:~:text=We%20set%20monetary%20policy%20to%20achieve%20low%20and%20stable%20inflation,for%20us%20by%20the%20Government.},
  urldate = {2024-09-19}
}